@TechReport{Morfessor,
  author =       {S. Virpioja and P. Smit and S.-A. Gr\"{o}nroos and
                  M. Kurimo},
  title =        {Morfessor 2.0: {Python} Implementation and
                  Extensions for {Morfessor} Baseline},
  institution =  {Aalto University},
  year =         2013,
  number =       {SCIENCE + TECHNOLOGY, 25/2013},
  address =      {Helsinki, Finland},
  note =         {ISBN 978-952-60-5501-5}
}

@InProceedings{Wang2014,
  author =       {Y. Wang and F. Metze},
  title =        {An in-depth comparison of keyword specific
                  thresholding and sum-to-one score normalization},
  booktitle =    {Proc. Interspeech},
  year =         2014,
  note =
                  {\url{https://www.cs.cmu.edu/~fmetze/interACT/Publications_files/publications/KST_vs_STO.pdf}}
}

@InProceedings{quesst:icassp2015,
  author = 	 {Xavier Anguera and Luis Javier Rodr{\'i}guez-Fuentes and Andi Buzo and Florian Metze and Igor Sz\"oke and Mikel Pe{\~n}agarikano},
  title = 	 {{QUESST} 2014: Evaluating Query-by-Example Speech Search in a Zero-Resource Setting with Real-Life Queries},
  OPTcrossref =  {},
  OPTkey = 	 {},
  booktitle = {Proc. ICASSP},
  year = 	 {2015},
  OPTeditor = 	 {},
  OPTvolume = 	 {},
  OPTnumber = 	 {},
  OPTseries = 	 {},
  OPTpages = 	 {},
  month = 	 APR,
  address = 	 {Brisbane; Australia},
  organization = {IEEE},
  OPTpublisher = {},
  OPTnote = 	 {To appear},
  filename = filenameprefix # {\htmladdnormallink{pdf}{mediaeval-final.pdf}},
  OPTannote = 	 {}
}

@InProceedings{metze:is2015,
  author = 	 {Florian Metze and Eric Riebling and Eric Fosler-Lussier and Andrew Plummer and Rebecca Bates},
  title = 	 {The Speech Recognition Virtual Kitchen Turns One},
  OPTcrossref =  {},
  OPTkey = 	 {},
  booktitle = {Proc. INTERSPEECH},
  year = 	 2015,
  OPTeditor = 	 {},
  OPTvolume = 	 {},
  OPTnumber = 	 {},
  OPTseries = 	 {},
  OPTpages = 	 {},
  month = 	 SEP,
  address = 	 {Dresden, Germany},
  organization = {ISCA},
  OPTpublisher = {},
  OPTnote = 	 {To appear},
  filename = filenameprefix # {\htmladdnormallink{pdf}{template.pdf}},
  OPTannote = 	 {}
}

@InProceedings{yajie-lstm:is2015,
  author = 	 {Yajie Miao and Florian Metze},
  title = 	 {On Speaker Adaptation of Long Short-Term Memory Recurrent Neural Networks},
  OPTcrossref =  {},
  OPTkey = 	 {},
  booktitle = {Proc. INTERSPEECH},
  year = 	 2015,
  OPTeditor = 	 {},
  OPTvolume = 	 {},
  OPTnumber = 	 {},
  OPTseries = 	 {},
  OPTpages = 	 {},
  month = 	 SEP,
  address = 	 {Dresden, Germany},
  organization = {ISCA},
  OPTpublisher = {},
  OPTnote = 	 {To appear},
  filename = filenameprefix # {\htmladdnormallink{pdf}{497_file_Paper.pdf}},
  OPTannote = 	 {}
}

@InProceedings{yajie-robust:is2015,
  author = 	 {Yajie Miao and Florian Metze},
  title = 	 {Distance-Aware {DNNs} for Robust Speech Recognition},
  OPTcrossref =  {},
  OPTkey = 	 {},
  booktitle = {Proc. INTERSPEECH},
  year = 	 2015,
  OPTeditor = 	 {},
  OPTvolume = 	 {},
  OPTnumber = 	 {},
  OPTseries = 	 {},
  OPTpages = 	 {},
  month = 	 SEP,
  address = 	 {Dresden, Germany},
  organization = {ISCA},
  OPTpublisher = {},
  OPTnote = 	 {To appear},
  filename = filenameprefix # {\htmladdnormallink{pdf}{IS2015_robust.pdf}},
  OPTannote = 	 {}
}

@InProceedings{yashesh:is2015,
  author = 	 {Yashesh Gaur and Florian Metze and Yajie Miao and Jeffrey P. Bigham},
  title = 	 {Using Keyword Spotting to Help Humans Correct Captioning Faster},
  OPTcrossref =  {},
  OPTkey = 	 {},
  booktitle = {Proc. INTERSPEECH},
  year = 	 2015,
  OPTeditor = 	 {},
  OPTvolume = 	 {},
  OPTnumber = 	 {},
  OPTseries = 	 {},
  OPTpages = 	 {},
  month = 	 SEP,
  address = 	 {Dresden, Germany},
  organization = {ISCA},
  OPTpublisher = {},
  OPTnote = 	 {To appear},
  filename = filenameprefix # {\htmladdnormallink{pdf}{WXeFHD-HumanASR.pdf}},
  OPTannote = 	 {}
}

@Article{yajie:taslp2015,
  author = 	 {Yajie Miao and Hao Zhang and Florian Metze},
  title = 	 {Speaker Adaptive Training of Deep Neural Network Acoustic Models using i-Vectors},
  journal = 	 {IEEE/ACM Transactions on Audio, Speech and Language Processing},
  year = 	 {2015},
  OPTkey = 	 {},
  volume = 	 {23},
  number = 	 {11},
  pages = 	 {1938-1949},
  month = 	 NOV,
  OPTnote = 	 {To appear},
  filename = filenameprefix # {\htmladdnormallink{pdf}{bare_jrnl.pdf}},
  OPTannote = 	 {}
}

@ARTICLE{2015arXiv150708240M,
   author = {{Miao}, Yajie and {Gowayyed}, Mohammad and {Metze}, Florian},
    title = "{EESEN: End-to-End Speech Recognition using Deep RNN Models and WFST-based Decoding}",
  journal = {ArXiv e-prints},
archivePrefix = "arXiv",
   eprint = {1507.08240},
 primaryClass = "cs.CL",
 keywords = {Computer Science - Computation and Language, Computer Science - Learning},
     year = 2015,
    month = jul,
   adsurl = {http://adsabs.harvard.edu/abs/2015arXiv150708240M},
 filename = filenameprefix # {\htmladdnormallink{pdf}{1507.08240v1.pdf}},
  adsnote = {Provided by the SAO/NASA Astrophysics Data System}
}

@inproceedings{eesen,
   author = {{Miao}, Yajie and {Gowayyed}, Mohammad and {Metze}, Florian},
    title = "{{EESEN:} End-to-End Speech Recognition using Deep RNN Models and WFST-based Decoding}",
  booktitle = {Proc. Automatic Speech Recognition and Understanding Workshop (ASRU)},
     year = 2015,
       month = 	 DEC,
  address = 	 {Scottsdale, AZ; U.S.A.},
  organization = {IEEE},
  note = 	 {https://github.com/srvk/eesen},
  filename = filenameprefix # {\htmladdnormallink{pdf}{eesenasru.pdf}},
  annote = 	 {Best paper candidate}
}

@InProceedings{trecvid:2015,
  author = 	 {Shoou-I Yu and Lu Jiang and Zhongwen Xu and Zhenzhong Lan and Shicheng Xu and Xiaojun Chang and Xuanchong Li and Zexi Mao and Chuang Gan and Yajie Miao and Xingzhong Du and Yang Cai and Lara Martin and Nikolas Wolfe and Anurag Kumar and Huan Li and Ming Lin and Zhigang Ma and Yi Yang and Deyu Meng and Shiguang Shan and Pinar Duygulu Sahin and Susanne Burger and Florian Metze and Rita Singh and Bhiksha Raj and Teruko Mitamura and Richard Stern and Alexander Hauptmann and Zhiyong Cheng and Jialie Shen and Xingzhong Du and Xiaofang Zhou},
  title = 	 {CMU Informedia@TRECVID 2015: MED/ SIN/ LNK/ SED},
  OPTcrossref =  {},
  OPTkey = 	 {},
  booktitle = {Proc. TrecVID},
  year = 	 {2015},
  OPTeditor = 	 {},
  OPTvolume = 	 {},
  OPTnumber = 	 {},
  OPTseries = 	 {},
  OPTpages = 	 {},
  month = 	 DEC,
  address = 	 {Gaithersburg, MD; U.S.A.},
  organization = {NIST},
  filename = filenameprefix # {\htmladdnormallink{pdf}{cmu.pdf}},
  OPTpublisher = {},
  OPTnote = 	 {},
  OPTannote = 	 {}
}

@InProceedings{eesen-icassp,
  author = 	 {Yajie Miao and Mohammad Gowayyed and Florian Metze and Xingyu Na and Tom Ko and Alex Waibel},
  title = 	 {An Empirical Exploration of {CTC} Acoustic Models},
  OPTcrossref =  {},
  OPTkey = 	 {},
  booktitle = {Proc. ICASSP},
  year = 	 {2016},
  OPTeditor = 	 {},
  OPTvolume = 	 {},
  OPTnumber = 	 {},
  OPTseries = 	 {},
  OPTpages = 	 {},
  month = 	 MAR,
  address = 	 {Shanghai; China},
  organization = {IEEE},
  OPTpublisher = {},
  filename = filenameprefix # {\htmladdnormallink{pdf}{eesenicassp.pdf}},
  OPTnote = 	 {Submitted},
  OPTannote = 	 {}
}

@InProceedings{wang2016icassp,
  author = 	 {Yun Wang and Leonardo Neves and Florian Metze},
  title = 	 {Audio-Based Multimedia Event Detection using Deep Recurrent Neural Networks},
  OPTcrossref =  {},
  OPTkey = 	 {},
  booktitle = {Proc. ICASSP},
  year = 	 {2016},
  OPTeditor = 	 {},
  OPTvolume = 	 {},
  OPTnumber = 	 {},
  OPTseries = 	 {},
  OPTpages = 	 {},
  month = 	 MAR,
  address = 	 {Shanghai; China},
  organization = {IEEE},
  OPTpublisher = {},
  filename = filenameprefix # {\htmladdnormallink{pdf}{wang.pdf}},
  OPTnote = 	 {Submitted},
  OPTannote = 	 {}
}

@InProceedings{w4a:2016,
  author = 	 {Yashesh Gaur and Walter S. Lasecki and Florian Metze and Jeffrey P. Bigham},
  title = 	 {The Effects of Automatic Speech Recognition Quality on Human Transcription Latency},
  OPTcrossref =  {},
  OPTkey = 	 {},
  booktitle = {Proc. Web for All (W4A)},
  year = 	 {2016},
  OPTeditor = 	 {},
  OPTvolume = 	 {},
  OPTnumber = 	 {},
  OPTseries = 	 {},
  OPTpages = 	 {},
  month = 	 APR,
  address = 	 {Montreal; Canada},
  OPTorganization = {},
  OPTpublisher = {},
  note = 	 {Best Paper},
  filename = filenameprefix # {\htmladdnormallink{pdf}{asr_threshold_w4a.pdf}},
  OPTannote = 	 {}
}

@InProceedings{icmr2016,
  author = 	 {Yun Wang and Florian Metze},
  title = 	 {Recurrent Support Vector Machines for Audio-Based Multimedia Event Detection},
  OPTcrossref =  {},
  OPTkey = 	 {},
  booktitle = {Proc. ICMR},
  year = 	 {2016},
  OPTeditor = 	 {},
  OPTvolume = 	 {},
  OPTnumber = 	 {},
  OPTseries = 	 {},
  OPTpages = 	 {},
  month = 	 JUN,
  address = 	 {New York, NY; U.S.A.},
  organization = {ACM},
  OPTpublisher = {},
  OPTnote = 	 {Accepted},
  filename = filenameprefix # {\htmladdnormallink{pdf}{wang_icmr16.pdf}},
  OPTannote = 	 {}
}

@InProceedings{miao:is2016,
  author = 	 {Yajie Miao and Florian Metze},
  title = 	 {Open-Domain Audio-Visual Speech Recognition: A Deep Learning Approach},
  OPTcrossref =  {},
  OPTkey = 	 {},
  booktitle = {Proc. INTERSPEECH},
  year = 	 {2016},
  OPTeditor = 	 {},
  OPTvolume = 	 {},
  OPTnumber = 	 {},
  OPTseries = 	 {},
  OPTpages = 	 {},
  month = 	 SEP,
  address = 	 {San Francisco, CA; U.S.A.},
  organization = {ISCA},
  OPTpublisher = {},
  note = 	 {Accepted},
  OPTannote = 	 {}
}

@InProceedings{vms:is2016,
  author = 	 {Florian Metze and Eric Riebling and Anne S. Warlaumont and Elike Bergelson},
  title = 	 {Virtual Machines and Containers as a Platform for Experimentation},
  OPTcrossref =  {},
  OPTkey = 	 {},
  booktitle = {Proc. INTERSPEECH},
  year = 	 {2016},
  OPTeditor = 	 {},
  OPTvolume = 	 {},
  OPTnumber = 	 {},
  OPTseries = 	 {},
  OPTpages = 	 {},
  month = 	 SEP,
  address = 	 {San Francisco, CA; U.S.A.},
  organization = {ISCA},
  OPTpublisher = {},
  note = 	 {Accepted},
  OPTannote = 	 {}
}

@InProceedings{shared:is2016,
  author = 	 {Rebecca Bates and Eric Fosler-Lussier and Florian Metze and Martha Larson and Gina-Anne Levow and Emily Mower Provost},
  title = 	 {Experiences with Shared Resources for Research and Education in Speech and Language Processing},
  OPTcrossref =  {},
  OPTkey = 	 {},
  booktitle = {Proc. INTERSPEECH},
  year = 	 {2016},
  OPTeditor = 	 {},
  OPTvolume = 	 {},
  OPTnumber = 	 {},
  OPTseries = 	 {},
  OPTpages = 	 {},
  month = 	 SEP,
  address = 	 {San Francisco, CA; U.S.A.},
  organization = {ISCA},
  OPTpublisher = {},
  note = 	 {Accepted},
  OPTannote = 	 {}
}

@InProceedings{yash:is2016,
  author = 	 {Yashesh Gaur and Florian Metze and Jeffrey P. Bigham},
  title = 	 {Manipulating Word Lattices to Incorporate Human Corrections},
  OPTcrossref =  {},
  OPTkey = 	 {},
  booktitle = {Proc. INTERSPEECH},
  year = 	 {2016},
  OPTeditor = 	 {},
  OPTvolume = 	 {},
  OPTnumber = 	 {},
  OPTseries = 	 {},
  OPTpages = 	 {},
  month = 	 SEP,
  address = 	 {San Francisco, CA; U.S.A.},
  organization = {ISCA},
  OPTpublisher = {},
  note = 	 {Accepted},
  OPTannote = 	 {}
}

@InBook{e2echapter,
  author = 	 {Yajie Miao and Florian Metze},
  ALTeditor = 	 {Shinji Watanabe and Marc Delcroix and Florian Metze and John R. Hershey},
  chapter = 	 {End-to-End Architectures for Speech Recognition},
  title =        {New Era for Robust Speech Recognition -- Exploiting Deep Learning},
  publisher =    {Springer},
  year =         {2016},
  OPTkey =       {},
  volume =       {1},
  OPTnumber =    {},
  OPTseries =    {},
  OPTaddress =   {},
  OPTedition =   {},
  OPTmonth =     {},
  note =         {To appear},
  OPTannote =    {}
}

@Book{dnnbook,
  ALTauthor = 	 {},
  editor = 	 {Shinji Watanabe and Marc Delcroix and Florian Metze and John R. Hershey},
  title = 	 {New Era for Robust Speech Recognition -- Exploiting Deep Learning},
  publisher = 	 {Springer},
  year = 	 {2016},
  OPTkey = 	 {},
  volume = 	 {1},
  OPTnumber = 	 {},
  OPTseries = 	 {},
  OPTaddress = 	 {},
  OPTedition = 	 {},
  OPTmonth = 	 {},
  note = 	 {To appear},
  OPTannote = 	 {}
}
